% This file was created with JabRef 2.9b2.
% Encoding: UTF8

@BOOKLET{Andersson2007,
  title = {Dynamics and control of electric power systems},
  author = {Andersson, G.},
  year = {2007},
  __markedentry = {[dietmarw]},
  journal = {ETH Zurich, March},
  owner = {dietmarw},
  timestamp = {2011.05.31}
}

@ARTICLE{Butterworth1930,
  author = {Butterworth, S.},
  title = {On the Theory of Filter Amplifiers.'},
  journal = {Month},
  year = {1930},
  pages = {536-541},
  __markedentry = {[dietmarw]},
  owner = {dietmarw},
  timestamp = {2011.05.31}
}

@ARTICLE{Ziegler1942,
  author = {Ziegler, J.G. and Nichols, N.B.},
  title = {Optimum settings for automatic controllers},
  journal = {Trans. Asme},
  year = {1942},
  volume = {64},
  pages = {759â€“768},
  number = {8},
  __markedentry = {[dietmarw]},
  owner = {dietmarw},
  timestamp = {2011.05.31}
}

@comment{jabref-meta: selector_publisher:}

@comment{jabref-meta: selector_author:}

@comment{jabref-meta: selector_journal:}

@comment{jabref-meta: selector_keywords:}

