% This file was created with JabRef 2.9b2.
% Encoding: UTF8

@MISC{gl-api,
  author = {GitLab developers},
  title = {GitLab API},
  year = {2013},
  owner = {dietmarw},
  quality = {1},
  timestamp = {2013.12.08},
  url = {https://github.com/gitlabhq/gitlabhq/blob/master/doc/api/README.md}
}

@MISC{gh-api,
  author = {GitHub Developers},
  title = {GitHub API v3},
  year = {2013},
  owner = {dietmarw},
  quality = {1},
  timestamp = {2013.12.08},
  url = {http://developer.github.com/v3/}
}

@MISC{easy_install,
  author = {easy\_install},
  title = {Easily download, build, install, upgrade, and uninstall Python packages},
  year = {2013},
  owner = {dietmarw},
  quality = {1},
  timestamp = {2013.12.07},
  url = {https://pypi.python.org/pypi/setuptools}
}

@MISC{github,
  author = {GitHub},
  title = {Build software better, together.},
  year = {2013},
  owner = {dietmarw},
  quality = {1},
  timestamp = {2013.12.07},
  url = {https://github.com/}
}

@MISC{json,
  author = {JSON},
  title = {JavaScript Object Notation},
  year = {2013},
  owner = {dietmarw},
  quality = {1},
  timestamp = {2013.12.08},
  url = {http://www.json.org/}
}

@MANUAL{ModelicaSpec3.2,
  title = {{Modelica -- A Unified Object-Oriented Language for Physical Systems
	Modeling -- Language Specification}},
  author = {{Modelica Association}},
  edition = {Version 3.2},
  month = {29th February},
  year = {2012},
  owner = {dietmarw},
  timestamp = {2012.02.29}
}

@MANUAL{MSL3.2,
  title = {{Modelica - Free library from the Modelica Association}},
  author = {{Modelica Association}},
  edition = {Version 3.2},
  year = {2010},
  owner = {dietmarw},
  timestamp = {2010.10.25},
  url = {https://github.com/modelica/Modelica}
}

@MISC{npm,
  author = {npm},
  title = {Node Packaged Modules},
  year = {2013},
  owner = {dietmarw},
  quality = {1},
  timestamp = {2013.12.07},
  url = {https://npmjs.org/}
}

@MISC{pip,
  author = {pip},
  title = {A tool for installing and managing Python packages.},
  year = {2013},
  owner = {dietmarw},
  quality = {1},
  timestamp = {2013.12.07},
  url = {http://www.pip-installer.org}
}

@MISC{semver,
  author = {Tom Preston-Werner},
  title = {Semantic Versioning 2.0.0},
  month = {June},
  year = {2013},
  owner = {dietmarw},
  quality = {1},
  timestamp = {2013.12.08},
  url = {http://semver.org/}
}

@MISC{pypi,
  author = {PyPI},
  title = {The Python Package Index},
  owner = {dietmarw},
  quality = {1},
  timestamp = {2013.12.07},
  url = {https://pypi.python.org/pypi}
}

@MISC{Bower,
  author = {Twitter, Inc.},
  title = {Bower -- A package manager for the web},
  month = {Dec},
  year = {2013},
  owner = {dietmarw},
  quality = {1},
  timestamp = {2013.12.07},
  url = {http://bower.io/}
}

@comment{jabref-meta: selector_publisher:}

@comment{jabref-meta: selector_author:}

@comment{jabref-meta: selector_journal:}

@comment{jabref-meta: selector_keywords:}

